@online{benefitswebsite,
    author = "Julius Demenius",
    title = "The Benefits of Advanced Data Analytics in Basketball",
    url  = "http://web.a.ebscohost.com.ezproxy.lib.ou.edu/ehost/pdfviewer/pdfviewer?vid=4&sid=2ba0b374-0b57-4d02-ad99-bac08d03eab9%40sessionmgr4007",
    addendum = "(accessed: 04.21.2021)",
    keywords = "data analytics, basketball"
}
@online{brazilwebsite,
    author = "Bruno Giovanini",
    title = "Assessing the key game-related statistics in Brazilian professional basketball according to season phase and final score difference",
    url  = "http://web.a.ebscohost.com.ezproxy.lib.ou.edu/ehost/detail/detail?vid=7&sid=2ba0b374-0b57-4d02-ad99-bac08d03eab9%40sessionmgr4007&bdata=JnNpdGU9ZWhvc3QtbGl2ZQ%3d%3d#AN=148720847&db=s3h",
    addendum = "(accessed: 04.21.2021)",
    keywords = "difference, basketball"
}
@online{SIwebsite,
    author = "Lee Jenkins",
    title = "The Finals in 3-D",
    url  = "http://web.a.ebscohost.com.ezproxy.lib.ou.edu/ehost/detail/detail?vid=11&sid=2ba0b374-0b57-4d02-ad99-bac08d03eab9%40sessionmgr4007&bdata=JnNpdGU9ZWhvc3QtbGl2ZQ%3d%3d#AN=96441974&db=s3h",
    addendum = "(accessed: 04.21.2021)",
    keywords = "basketball, NBA"
}
@online{predictionwebsite,
    author = "Ajay Kupta",
    title = "A new approach to bracket prediction in the NCAA Men's Basketball Tournament based on a dual-proportion likelihood",
    url  = "http://web.a.ebscohost.com.ezproxy.lib.ou.edu/ehost/detail/detail?vid=13&sid=2ba0b374-0b57-4d02-ad99-bac08d03eab9%40sessionmgr4007&bdata=JnNpdGU9ZWhvc3QtbGl2ZQ%3d%3d#AN=102722694&db=s3h",
    addendum = "(accessed: 04.24.2021)",
    keywords = "basketball,prediction"
}
@online{Bosnianwebsite,
    author = "Vlatko Separovic",
    title = "Influence of Standard Indicators of Situational Effectiveness in Basketball",
    url  = "http://web.a.ebscohost.com.ezproxy.lib.ou.edu/ehost/pdfviewer/pdfviewer?vid=18&sid=2ba0b374-0b57-4d02-ad99-bac08d03eab9%40sessionmgr4007",
    addendum = "(accessed: 04.26.2021)",
    keywords = "Indicators, basketball"
}